@book{prikhodko,
  title={Xomaku. {Kartinnyj} slovar' russko-neščanskogo jazyka [{Xomaku}. {Illustrated} dictionary of {Russian} and {Nenets}]},
  author={Prikhod'ko, Marija Savel'evna},
  publisher={Morsar AB},
  location={Saint-Petersburg},
  year={2000}
}

@book{barmich-vello,
  title={Nenecko-russkij i russko-neneckij slovar' (lesnoj dialekt) [{Nenets}-{Russian} and {Russian}-{Nenets} dictionary (the {Forest} dialect)]},
  author={Barmich, Maria Yakovlevna and Vello, Inna Autovna},
  publisher={Prosveščenie},
  location={Saint-Petersburg},
  year={2002}
}

@incollection{salminen2007,
  title={Notes on {Forest} {Nenets} phonology},
  author={Salminen, Tapani},
  booktitle={Sámit, sánit, sátnehámit. Riepmočála Pekka Sammallahtii miessemánu 21. beaivve 2007. Suomalais-Ugrilaisen Seuran Toimituksia = M{\'e}moires de la Soci{\'e}t{\'e} Finno-Ougrienne},
  editor={Ylikoski, Jussi and Aikio, Ante},
  volume={253},
  pages={349--372},
  year={2007},
  publisher={Suomalais-Ugrilainen Seura},
  location={Helsinki}
}

@article{scheersszigetvari2005,
author = {Szigetvári, Péter and Scheer, Tobias},
year = {2005},
title = {Unified representations for the syllable and stress},
volume = {22},
journal = {Phonology},
pages = {37--75}
}

@book{sammallahti1974,
  title={Material from {Forest} {Nenets}},
  author={Sammallahti, Pekka},
  year={1974},
  publisher={Castrenianum},
  location={Helsinki}
}

@article{faust-ulfs2018,
title = {Arabic stress in strict {CV}, with no moras, no syllables, no feet and no extrametricality},
author = {Faust, Noam and Ulfsbjorninn, Shanti},
pages = {561--600},
volume = {35},
number = {4},
journal = {The {Linguistic} {Review}},
year = {2018}
}

@article{alexei-ulfs2022,
  title={Metrical exceptionality and stress shift in Romanian nouns and adjectives},
  author={Alexei, Sofia and Ulfsbjorninn, Shanti},
  journal={Isogloss. {Open} {Journal} of {Romance} {Linguistics}},
  volume={8},
  number={1},
  pages={1--29},
  year={2022}
}

@misc{ulfsbjorninntoappear,
  author={Ulfsbjorninn, Shanti},
  year={2022},
  title={Weight hierarchies, {Syllabification} and {Quantitative} {Meter}: {Strict} {CV} {Metrics} as an alternative to {Standard} {Moraic} {Theory}}
}

@article{ulfsbjorninn2021,
  title={Lenition and {Metathesis} in {Hawu}: a quantity-sensitive language},
  author={Ulfsbjorninn, Shanti},
  journal={SOAS Working Papers in Linguistics},
  volume={20},
  pages={1--25},
  year={2021},
  publisher={SOAS University of London},
  location={London}
}

@article{trosterud-uibo2005,
  title={Consonant gradation in Estonian and S{\'a}mi: two-level solution},
  author={Trosterud, Trond and Uibo, Heli},
  year={2005}
}

@article{moren2006,
  title={Consonant--vowel interactions in {S}erbian: {F}eatures, representations and constraint interactions},
  author={Mor{\'e}n, Bruce},
  journal={Lingua},
  volume={116},
  number={8},
  pages={1198--1244},
  year={2006},
  publisher={Elsevier}
}

@inproceedings{magomedova2017,
  title={Stem-final consonant mutations in modern {R}ussian},
  author={Magomedova, Varvara and Slioussar, Natalia},
  booktitle={Formal Approaches to Slavic Linguistics},
  volume={24},
  pages={239--59},
  year={2017}
}

@book{hale-reiss2008,
  author={Hale, Mark and Reiss, Charles},
  year={2008},
  title={The phonological enterprise},
  publisher={Oxford University Press},
  location={Oxford}}
  
 @book{bakronagy2022,
  title={Consonant gradation},
  chapter={42},
  pages={859--867},
  booktitle={The {Oxford} {Guide} to the {Uralic} {Languages}},
  author={Bakr{\'o}-Nagy, Marianne},
  editor={Bakr{\'o}-Nagy, Marianne and Laakso, Johanna and Skribnik, Elena},
  year={2022},
  publisher={Oxford University Press},
  location={Oxford}
}

@book{korhonen1981,
  author={Korhonen, Mikko},
  year={1981},
  title={Johdatus lapin kielen historiaan},
  publisher={Suomalaisen Kirjallisuuden Seura},
  location={Helsinki}}
  
@book{korhonen1988,
  author={Korhonen, Mikko},
  editor={Sinor, Denis},
  pages={41--57},
  year={1988},
  title={The {Lapp} {Language}},
  booktitle={The {Uralic} {Languages}. {Description}, {History}, and {Foreign} {Influences}},
  publisher={E. {J.} {Brill}},
  location={Leiden}}
  
@article{asu-teras2009, 
title={Estonian}, 
volume={39}, 
number={3}, 
journal={Journal of the International Phonetic Association}, 
publisher={Cambridge {University} {Press}}, 
location={Cambridge, MA},
author={Asu, Eva Liina and Teras, Pire}, 
year={2009}, 
pages={367–372}}

@book{problems,
editor={Belikov, V. I. and Muravenko, E. V. and Alekseev, M. E.},
title={Zadači lingvističeskix olimpiad. 1965–1975 [{Problems} for linguistics competitions. 1965–1975]},
year={2006},
location={Moscow},
publisher={MCNMO}
}

@misc{balsbaal2007, 
  author={Bals Baal, Berit Anne and Odden, David and Rice, Curt},
  year={2007},
  title={The phonology of gradation in {North} {Saami} [{Ms.}]}}
  
@phdthesis{chabot2021,
  title={Possible and impossible languages: {Naturalness}, third factors, and substance-free phonology in the light of crazy rules},
  author={Chabot, Alexander Marx},
  year={2021},
  school={Universit{\'e} C{\^o}te d’Azur}
}

@misc{shikunova-kasenov2023, 
  author={Shikunova, Alexandra and Kasenov, Daniar},
  url={https://thddbptnsndshs.github.io/academic_site/publications/russian_iotation_poster.pdf},
  year={2023},
  title={Russian iotation: length is key. Poster presentation at NAPhCxii}}

@incollection{brown1998,
  title={Stem indexing and morphonological selection in the {R}ussian verb: {A} {N}etwork {M}orphology account},
  author={Brown, Dunstan},
  booktitle={Models of inflection},
  pages={196--224},
  year={1998},
}

@incollection{kozlov2018,
	author = {Kozlov, Alexei and Kozlov, Lev},
	title = {Morfonologija [{Morphophonology}]},
	booktitle = {{\`E}lementy mok{\v s}anskogo jazyka v tipologi{\v c}eskom osve{\v s}{\v c}enii [{Elements} of the {Moksha} language in a typological perspective]},
	chapter = {4},
	editor = {Toldova, Svetlana and Kholodilova, Maria},
	pages = {38--62},
	publisher = {Buki {Vedi}},
	year = {2018}}
	
@incollection{kukhto2018,
	author = {Kukhto, Anton},
	title = {Fonologija [{Phonology}]},
	booktitle = {{\`E}lementy mok{\v s}anskogo jazyka v tipologi{\v c}eskom osve{\v s}{\v c}enii [{Elements} of the {Moksha} language in a typological perspective]},
	chapter = {3},
	editor = {Toldova, Svetlana and Kholodilova, Maria},
	pages = {19--37},
	publisher = {Buki {Vedi}},
	location={Moscow},
	year = {2018}}
	
@incollection{kholodilova-np,
	author = {Kholodilova, Maria},
	title = {Imennaja predikacija [{Nominal} predication]},
	booktitle = {{\`E}lementy mok{\v s}anskogo jazyka v tipologi{\v c}eskom osve{\v s}{\v c}enii [{Elements} of the {Moksha} language in a typological perspective]},
	chapter = 23,
	editor = {Toldova, Svetlana and Kholodilova, Maria},
	pages = {616--632},
	publisher = {Buki {Vedi}},
	location = {Moscow},
	year = 2018}
	
@incollection{toldova-clauses,
	author = {Toldova, Svetlana},
	title = {Predikacii s glagolʹnym skazuemym [{Clauses} with verbal predicates]},
	booktitle = {{\`E}lementy mok{\v s}anskogo jazyka v tipologi{\v c}eskom osve{\v s}{\v c}enii [{Elements} of the {Moksha} language in a typological perspective]},
	chapter = 22,
	editor = {Toldova, Svetlana and Kholodilova, Maria},
	pages = {546--615},
	publisher = {Buki {Vedi}},
	location = {Moscow},
	year = 2018}
	
@book{bubrikh1953,
    author ={Bubrikh, Dmitrij},
  	title = {Istoričeskaja grammatika èrzjanskogo jazyka [{Historical} grammar of the Erzya language]},
  	publisher = {Mordovskoe knižnoe izdatelʹstvo},
	location = {Saransk},
  	year = 1953}
	
@article{enguehard2018,
 author =  {Enguehard, Guillaume},
 journal = {Acta {Linguistica} {Academica}},
 number = {1},
 pages = {29--45},
 publisher = {Akadémiai Kiadó},
 title = {Strict {CV} without government},
 volume = {65},
 year = {2018}
}

@article{chekayri-scheer2004,
 author = {Chekayri, Abdellah and Scheer, Tobias},
 journal = {Folia {Orientalia}},
 publisher={Commission of {Oriental} {Studies} of the {Polish} {Academy} of {Sciences}},
 location={Kraków},
 number = {40},
 pages = {7-33},
 title = {The appearance of glides in {Classical} {Arabic} defective verbs},
 year = {2004}
}

	
@book{toldovaetal2018,
%    author ={Toldova, Svetlana and Kholodilova, M. A. and Tatevosov, S. G. and Kaškin, E. V. and Kozlov, A. A. and Kozlov, L. S. and Kuxto, A. V. and Privizenceva, M. Ju. and Stenin, I. A.},
  	title = {{\`E}lementy mok{\v s}anskogo jazyka v tipologi{\v c}eskom osve{\v s}{\v c}enii [{Elements} of the {Moksha} language in a typological perspective]},
  	editor = {Toldova, Svetlana and Kholodilova, Maria},
  	publisher = {Buki {Vedi}},
	location = {Moscow},
  	year = 2018}
	
@incollection{aikio2022,
  title={Proto-{Uralic}},
  author={Aikio, Ante},
  booktitle={The Oxford guide to the {Uralic} languages},
  pages={3--27},
  year={2022},
  editor={Bakró-Nagy, Marianne and Laakso, Johanna and Skribnik, Elena},
  publisher={Oxford University Press},
  location={Oxford}
}

@incollection{saarinen2022,
  title={Mari},
  author={Saarinen, Sirkka},
  booktitle={The Oxford guide to the {Uralic} languages},
  pages={432--470},
  year={2022},
  editor={Bakró-Nagy, Marianne and Laakso, Johanna and Skribnik, Elena},
  publisher={Oxford University Press},
  location={Oxford}
}

@incollection{burkova2022,
  title={Nenets},
  author={Burkova, Svetlana},
  booktitle={The Oxford guide to the {Uralic} languages},
  pages={674--708},
  year={2022},
  editor={Bakró-Nagy, Marianne and Laakso, Johanna and Skribnik, Elena},
  publisher={Oxford University Press},
  location={Oxford}
}

@incollection{sarhimaa2022,
  title={Karelian},
  author={Sarhimaa, Anneli},
  booktitle={The Oxford guide to the {Uralic} languages},
  pages={},
  year={2022},
  editor={Bakró-Nagy, Marianne and Laakso, Johanna and Skribnik, Elena},
  publisher={Oxford University Press},
  location={Oxford}
}

%Salminen, T[apani] 2002: Problems in the taxonomy of the Uralic languages in the light of modern comparative studies. – Лингвистический беспредел. Сборник статей к 70-летию А. И. Кузнецовой. Москва: Издательство Московского университета. 44–55.

@incollection{salminen2002,
  title={Problems in the taxonomy of the {Uralic} languages in the light of modern comparative studies},
  author={Salminen, Tapani},
  booktitle={Lingvističeskij bespredel. {Sbornik} statej k 70-letiju {A.} {I.} {Kuznecovoj} [{Linguistic mayhem. {Festschrift} for {A.} {I.} {Kuznecova} on the occasion ofS her 70th birthday}]},
  pages={44--55},
  year={2002},
  publisher={Izdatel'stvo {Moskovskogo} universiteta},
  location={Moscow}
}

@article{kovedyaeva,
  title={Marijskij jazyk [{The} {Mari} ({Cheremis}) language]},
  author={Kovedjaeva, Evgenija Ivanovna},
  booktitle={Jazyki mira: Ural'skie jazyki},
  pages={148--163},
  year={1993},
  publisher={Nauka},
  location={Moscow},
  editor={Jarceva, Viktorija Nikolaevna}
}

@article{ryagoev1993,
  title={Karel'skij jazyk [{The} {Karelian} language]},
  author={Kovedjaeva, Evgenija Ivanovna},
  booktitle={Jazyki mira: Ural'skie jazyki},
  pages={63--75},
  year={1993},
  publisher={Nauka},
  location={Moscow},
  editor={Jarceva, Viktorija Nikolaevna}
}

@article{kert1971,
  title={Saamskij jazyk (kilʹdinskij dialekt): fonetika, morfologija, sintaksis [{The} {Saami} language ({Kildin} dialect): phonetics, morphology, syntax]},
  author={Kert, Georgij Martynovič},
  year={1971},
  publisher={Nauka},
  location={Moscow}
}

@book{krasnova2017,
  title={Reading {Hill} {Mari} through {Meadow} {Mari}},
  author={Krasnova, Nadezhda and Riese, Timothy and Yefremova, Tatiana and Bradley, Jeremy},
  publisher={University of Vienna and the Ludwig Maximilian University of Munich},
  location={Vienna},
  year={2017}
}