@unpublished{egorov2022,
  author = "Egorov, Il'ja",
  title  = "De schwa ostiaco",
  note = "Talk at the {Khanty} fieldwork group seminar",
  year = "2022"
  }

@unpublished{tyutyunnikova2022,
  author = "Tjutjunnikova, Varvara",
  title  = "{Udarenie} v kazymskom xantyjskom [{Stress} in {Kazym} {Khanty}]",
  note = "Fieldwork report",
  year = "2022"
}

@unpublished{tyutyunnikova2023,
  author = "Tjutjunnikova, Varvara",
  title  = "Stress, vol. 2",
  note = "Talk at the {Khanty} fieldwork group seminar",
  year = "2023"
}

@unpublished{lketal2018,
  author = "Kukhto, Anton and Pokrovskaja, Sonya and Kozlov, Lev and Kozlov, Alexei",
  title  = "Practical transcription revisited",
  note = "Talk at the {Khanty} fieldwork group seminar",
  year = "2018"
}

@article{asu-teras2009, 
title={Estonian}, 
volume={39}, 
number={3}, 
journal={Journal of the International Phonetic Association}, 
publisher={Cambridge {University} {Press}}, 
location={Cambridge, MA},
author={Asu, Eva Liina and Teras, Pire}, 
year={2009}, 
pages={367–372}}

@book{problems,
editor={Belikov, V. I. and Muravenko, E. V. and Alekseev, M. E.},
title={Zadači lingvističeskix olimpiad. 1965–1975 [{Problems} for linguistics competitions. 1965–1975]},
year={2006},
location={Moscow},
publisher={MCNMO}
}

@incollection{kozlov2018,
	author = {Kozlov, Alexei and Kozlov, Lev},
	title = {Morfonologija [{Morphophonology}]},
	booktitle = {{\`E}lementy mok{\v s}anskogo jazyka v tipologi{\v c}eskom osve{\v s}{\v c}enii [{Elements} of the {Moksha} language in a typological perspective]},
	chapter = {4},
	editor = {Toldova, Svetlana and Kholodilova, Maria},
	pages = {38--62},
	publisher = {Buki {Vedi}},
	year = {2018}}
	
@incollection{kukhto2018,
	author = {Kukhto, Anton},
	title = {Fonologija [{Phonology}]},
	booktitle = {{\`E}lementy mok{\v s}anskogo jazyka v tipologi{\v c}eskom osve{\v s}{\v c}enii [{Elements} of the {Moksha} language in a typological perspective]},
	chapter = {3},
	editor = {Toldova, Svetlana and Kholodilova, Maria},
	pages = {19--37},
	publisher = {Buki {Vedi}},
	location={Moscow},
	year = {2018}}